@Book{knuth:84,
  author = 	 {Donald E. Knuth},
  title = 	 {The {\TeX} Book},
  publisher = 	 {Addison-Wesley},
  year = 	 {1984},
  edition = 	 {15th}
}

@InCollection{boulic:91,
  author = 	 {R. Boulic and O. Renault},
  title = 	 {3D Hierarchies for Animation},
  booktitle = 	 {New Trends in Animation and Visualization},
  publisher =    {John Wiley {\&} Sons ltd.},
  year = 	 {1991},
  editor = 	 {Nadia Magnenat-Thalmann and Daniel Thalmann}
}

@InCollection{smith:99,
  author = 	 {A. Smith and B. Jones},
  title = 	 {On the Complexity of Computing},
  booktitle = 	 {Advances in Computer Science},
  pages = 	 {555--566},
  publisher =    {Publishing Press},
  year = 	 {1999},
  editor = 	 {A. B. Smith-Jones}
}

@ONLINE {cavalcantecharlescasimiro2006,
    author = "Cavalcante, Charles Casimiro",
    title  = "Processos Estocásticos: Probabilidade e Variáveis Aleatórias",
    month  = "jun",
    year   = "2006",
    url    = "http://www.dvprppg.ufc.br/ppgeti/charles/PDF/proc_stoc/Variaveis_aleatorias.pdf"
}

@BOOK {atuncargregoriosaravia2011,
    author    = "Atuncar, Gregorio Saravia",
    title     = "Conceitos B ́asicos de Processos Estoc ́asticos",
    publisher = "Universidade Federal de Minas Gerais",
    year      = "2011"
}

@MISC {lopeshelio2013,
    author = "Lopes, Hélio",
    title  = "Processos estocásticos: Introdução à Simulação Estocástica",
    year   = "2013"
}

@MISC {davilavictorhugolachos2008,
    author = "Davila, Victor Hugo Lachos",
    title  = "Introdução às Séries Temporais",
    year   = "2008"
}
